@article{CSI,
author = {Ruchansky, Natali and Seo, Sungyong and Liu, Yan},
year = {2017},
month = {03},
pages = {},
title = {CSI: A Hybrid Deep Model for Fake News}
}